@book {Th17,
author = {Theisen, Manuel René},
title = {Wissenschaftliches Arbeiten: Technik -- Methodik -- Form},
edition = {17., aktualisierte und bearbeitete Auflage},
address = {München},
year = {2017},
publisher = {Vahlen},

}
@online{GPL,
 author = {Free Software Foundation, Inc.},
 title = {GNU General Public License},
 year = 2007,
 url = {http://www.gnu.org/licenses/gpl.html},
 urldate = {2015-12-05},
}
@online{hhnwin,
 author = {{Hochschule Heilbronn}},
 title = {Wirtschaftsinformatik (B.Sc.) im Überblick},
 url = {https://www.hs-heilbronn.de/win},
 urldate = {2018-03-08},
}

@online{Bill_McClean,
author = {Bill McClean},
title = {The 2022 McClean Report},
url = {https://www.icinsights.com/news/bulletins/The-Real-Reason-Behind-The-Automotive-Industry-IC-ShortageA-StepFunction-Surge-In-Demand/},
urldate = {2022-06-02},
}

@onlone{Statista_Research_1,
author = {Statista-Research-Department},
title = {Volumen der weltweiten Investitionen in Blockchain-Technologien und Kryptowährungen von 2018 bis 2021},
url = {https://de.statista.com/statistik/daten/studie/1198230/umfrage/weltweite-investitionen-in-blockchain-technologien-und-kryptowaehrungen/},
urldate = {2022-06-03},
}


@article{HAN2016S30,
title = "High Expression of Human Homologue of Murine Double Minute 4 and the Short Splicing Variant, HDM4-S, in Bone Marrow in Patients With Acute Myeloid Leukemia or Myelodysplastic Syndrome",
journal = "Clinical Lymphoma Myeloma and Leukemia",
volume = "16",
pages = "S30 - S38",
year = "2016",
note = "Proceedings of the Society of Hematologic Oncology 2015 Annual Meeting",
issn = "2152-2650",
doi = "https://doi.org/10.1016/j.clml.2016.03.012",
url = "http://www.sciencedirect.com/science/article/pii/S2152265016300246",
author = "Xin Han and L. Jeffrey Medeiros and Yu Helen Zhang and M. James You and Michael Andreeff and Marina Konopleva and Carlos E. Bueso-Ramos",
keywords = "Acute myeloid leukemia, HDM4, HDM4-S, Myelodysplastic syndrome, p53"
}

@article{Voas.2021,
 author = {Voas, Jeffrey and Kshetri, Nir and DeFranco, Joanna F.},
 year = {2021},
 title = {Scarcity and Global Insecurity: The Semiconductor Shortage},
 pages = {78--82},
 volume = {23},
 number = {5},
 issn = {1520-9202},
 journal = {IT Professional},
 doi = {10.1109/MITP.2021.3105248}
}