@inproceedings{Almubaddel.2016,
 author = {Almubaddel, Majed and Elmogy, Ahmed M.},
 title = {Cloud Computing Antecedents, Challenges, and Directions},
 pages = {1--5},
 publisher = {ACM},
 isbn = {9781450340632},
 editor = {Boubiche, Djallel Eddine and Hidoussi, Faouzi and Guezouli, Lyamine and Bounceur, Ahc{\`e}ne and Cruz, Homero Toral},
 booktitle = {Proceedings of the International Conference on Internet of things and Cloud Computing},
 year = {2016},
 address = {New York, NY, USA},
 doi = {10.1145/2896387.2896401}
}


@incollection{DAngelo.2015,
 author = {D'Angelo, Gabriele and Ferretti, Stefano and Marzolla, Moreno},
 title = {Cloud for Gaming},
 pages = {1--6},
 publisher = {{Springer International Publishing}},
 isbn = {978-3-319-08234-9},
 editor = {Lee, Newton},
 booktitle = {Encyclopedia of Computer Graphics and Games},
 year = {2015},
 address = {Cham},
 doi = {10.1007/978-3-319-08234-9{\textunderscore }39-1}
}xx


@article{Froschle.2014,
 author = {Fr{\"o}schle, Hans-Peter and Meinhardt, Stefan},
 year = {2014},
 title = {Cloud Computing -- Von Enterprise Systems zu Business Networks},
 pages = {773--774},
 volume = {51},
 number = {6},
 issn = {1436-3011},
 journal = {HMD Praxis der Wirtschaftsinformatik},
 doi = {10.1365/s40702-014-0095-z}
}xx


@book{MoroVisconti.2022,
 year = {2022},
 title = {Augmented Corporate Valuation},
 address = {Cham},
 publisher = {{Springer International Publishing}},
 isbn = {978-3-030-97116-8},
 editor = {Moro-Visconti, Roberto},
 doi = {10.1007/978-3-030-97117-5}
}


@incollection{Riasanow.2020,
 author = {Riasanow, Tobias and Krcmar, Helmut},
 title = {Everything as a Service (XaaS)},
 pages = {1--12},
 publisher = {{Springer Fachmedien Wiesbaden}},
 isbn = {978-3-658-17345-6},
 series = {Springer Reference Wirtschaft},
 editor = {Kollmann, Tobias},
 booktitle = {Handbuch Digitale Wirtschaft},
 year = {2020},
 address = {Wiesbaden},
 doi = {10.1007/978-3-658-17345-6{\textunderscore }70-1}
}


@incollection{Soliman.2013,
 author = {Soliman, Omar and Rezgui, Abdelmounaam and Soliman, Hamdy and Manea, Najib},
 title = {Mobile Cloud Gaming: Issues and Challenges},
 pages = {121--128},
 volume = {8093},
 publisher = {{Springer Berlin Heidelberg}},
 isbn = {978-3-642-40275-3},
 series = {Lecture Notes in Computer Science},
 editor = {Hutchison, David and Kanade, Takeo and Kittler, Josef and Kleinberg, Jon M. and Mattern, Friedemann and Mitchell, John C. and Naor, Moni and Nierstrasz, Oscar and {Pandu Rangan}, C. and Steffen, Bernhard and Sudan, Madhu and Terzopoulos, Demetri and Tygar, Doug and Vardi, Moshe Y. and Weikum, Gerhard and Daniel, Florian and Papadopoulos, George A. and Thiran, Philippe},
 booktitle = {Mobile Web Information Systems},
 year = {2013},
 address = {Berlin, Heidelberg},
 doi = {10.1007/978-3-642-40276-0{\textunderscore }10}
}


@online{Fernandes.2022,
author = {G. Fernandes},
title = {Cloud Gamings 21.7 Million Paying Users Helped the Market Generate $1.5 Billion in 2021; These Yearly Revenues Will Quadruple in 2024},
url = {https://newzoo.com/insights/articles/cloud-gaming-market-generated-1-5-billion-dollars-in-2021/},
urldate = {2022-06-22},
}xx


@online{Newzoo.2022,
author = {Newzoo},
title = {Newzoo - Key Numbers},
url = {https://newzoo.com/key-numbers/},
urldate = {2022-06-22},
}xx


@online{Jadhav.2020,
author = {N. Jadhav},
title = {The rise of GPU-as-a-Service},
url = {https://www.yotta.com/the-rise-of-gpu-as-a-service/},
urldate = {2022-06-24},
}