% This file was created with Citavi 6.11.0.0

@article{Lattuada.2022,
 author = {Lattuada, Marco and Gianniti, Eugenio and Ardagna, Danilo and Zhang, Li},
 year = {2022},
 title = {Performance prediction of deep learning applications training in GPU as a service systems},
 pages = {1279--1302},
 volume = {25},
 number = {2},
 issn = {1386-7857},
 journal = {Cluster Computing},
 doi = {10.1007/s10586-021-03428-8}
}


